% This file was created with JabRef 2.9.2.
% Encoding: Cp1252

@INPROCEEDINGS{one,
  author = {C. Wang and Y. Lin},
  title = {The Prediction System for Data Analysis of Stock Market by Using Genetic Algorithm},
  booktitle = {International Conference on Fuzzy Systems and Knowledge Discovery (FSKD)},
  year = {2015},
  publisher = {IEEE},
  pages = {1721-1725},
}

@INPROCEEDINGS{two,
  author = {F. Wang and Y. Zhang and  H. Xiao and L. Kuang and Y. Lai},
  title = {Enhancing Stock Price Prediction with a Hybrid Approach based Extreme Learning Model},
  booktitle = {15th International Conference on Data Mining Workshops},
  year = {2015},
  publisher = {IEEE},
  pages = {1568-1570}
}

@INPROCEEDINGS{three,
  author = {I. M. Hamed and A. S. Hussien and M. F. Tolba},
  title = {An Intelligent Model for Stock Market Prediction},
  booktitle = {International Conference on Computer Engineering and Systems},
  year = {2011},
  publisher= {IEEE}
}

@INPROCEEDINGS{four,
  author = { L. T. Ponnam and V. S. Rao and K. Srinivas and and V. Raavi},
  title = {A comparative study on techniques used for prediction of stock market},
  booktitle = {International Conference on Automatic Control and Dynamic Optimization Techniques (ICACDOT)},
  year = {2016},
  publisher = {IEEE}
}

@INPROCEEDINGS{five,
  author = {N. Srinivasan and C. Laskhmi},
  title = {Forecasting Stock Price Using Soft Computing Techniques},
  booktitle = {Third International Conference on Science Technology Engineering \& Management (ICONSTEM)},
  year = {2017},
  publisher = {IEEE}
}

@MISC{momoh,
	author = {O. Momoh},
	title = {Stocks Analysis},
	howpublished = "\url{https://www.investopedia.com/terms/s/stock-analysis.asp}",
	year = {2018}, 
	note = "[Online; accessed 02-Nov-2018]"
}

@INPROCEEDINGS{six,
  author = {R. A. Kamble},
  title = {Short and Long Term Stock Trend Prediction using Decision Tree},
  booktitle = {International Conference on Intelligent Computing and Control Systems (ICICCS)},
  year = {2017},
  publisher = {IEEE},
  pages = {1371-1375}
}

@INRPOCEEDINGS{seven,
  author = {R. Y. Nivetha and C. Dhaya},
  title = {Developing a Prediction Model for Stock Analysis},
  booktitle = {International Conference on Technical Advancements in Computers and Communications},
  year = {2017},
  publisher = {IEEE}
}

@INPROCEEDINGS{eight,
  author = {S. K. Khatri and A. Srivastava},
  title = {Using Sentimental Analysis in Prediction of Stock Market Investment},
  booktitle = {5th International Conference on Reliability, Infocom Technologies and Optimization (ICRITO)},
  year = {2016},
  publisher = {IEEE},
  pages = {566-569}
}

@INPROCEEDINGS{nine,
  author = { S. S. Maini and K. Govinda},
  title = {Stock market prediction using data mining techniques},
  booktitle = {International Conference on Intelligent Sustainable Systems (ICISS)},
  year = {2017},
  publisher = {IEEE}
 
}

@INRPOCEEDINGS{ten,
  author = {S. Tiwari and A. Bharadwaj and S. Gupta},
  title = {Stock Price Prediction Using Data Analytics},
  booktitle = {15th International Conference on Data Mining Workshops},
  year = {2017},
  publisher = {IEEE}
}

@INPROCEEDINGS{eleven,
  author = {T. Xing and Y. Sun and Q. Wang and G. Yu},
  title = {The Analysis and Prediction of Stock Price},
  booktitle = {International Conference on Granular Computing (GrC)},
  year = {2013},
  publisher = {IEEE}
}

@INPROCEEDINGS{twelve,
  author = {V. Rajput and S. Bobde},
  title = {Stock Market Prediction Using Hybrid Approach},
  booktitle = {International Conference on Computing, Communication and Automation (ICCCA)},
  year = {2016},
  publisher = {IEEE}
}

@INPROCEEDINGS{thirteen,
  author = {Jui-Sheng Chou and Thi-Kha Nguyen},
  title = {Forward Forecast of Stock Prices Using Sliding-window Metaheuristic-optimized Machine Learning Regression},
  booktitle = {Transactions on Industrial Informatics},
  year = {2018},
  publisher = {IEEE}
}

@INRPOCEEDINGS{fifteen,
  author = {Girija V. Attigeri and Manohara Pai and Radhika Pai and Aparna Nayak},
  title = {Stock Market Prediction: A Big Data Approach},
  booktitle = {TENCON Region 10 Conference},
  year = {2015},
  publisher = {IEEE}
}

@INPROCEEDINGS{sixteen,
  author = {R. Iacomin},
  title = {Stock Market Prediction},
  booktitle = {19th International Conference on System Theory, Control and Computing (ICSTCC)},
  year = {2016},
  publisher = {IEEE}
}

@INPROCEEDINGS{seventeen,
  author = {R. Ahuja and H. Rastogi and B. Garg and A. Choudhuri},
  title = {Stock Market Forecast Using Sentiment Analysis},
  booktitle = {2nd International Conference on Computing for Sustainable Global Development (INDAICom)},
  year = {2015},
  publisher = {IEEE}
}

@INPROCEEDINGS{eighteen,
  author = {X. Zhang and S. Qu and J. Huang and B. Fang and P. Yu},
  title = {Stock Market Prediction via Multi-Source Multiple Instance Learning},
  booktitle = {19th International Conference on System Theory, Control and Computing (ICSTCC)},
  year = {2018},
  publisher = {IEEE}
}

@MISC{tim,
	author = {T. Schroder},
	title = {What are the steps for predicting a stock price using the Meyer Packard algorithm ?},
	howpublished = "\url{https://www.quora.com/What-are-the-steps-for-predicting-a-stock-price-using-the-Meyer-and-Packard-algorithm/answer/Tim-Schr\%C3\%B6der-7?ch=10\&share=8a3977bb\&srid=OEqH}",
	year = {2017}, 
	note = "[Online; accessed 02-Feb-2019]"
}

@MISC{rf,
	author = {N. Donges},
	title = {The Random Forest Algorithm},
	howpublished = "\url{https://towardsdatascience.com/the-random-forest-algorithm-d457d499ffcd}",
	year = {2018}, 
	note = "[Online; accessed 05-Mar-2019]"
}

@MISC{keras,
	author = {Keras},
	title = {Keras Documentation},
	howpublished = "\url{https://keras.io/}",
	year = {2018}, 
	note = "[Online; accessed 02-Feb-2019]"
}

@MISC{lstm,
	author = {Colah},
	title = {Understanding LSTM Networks},
	howpublished = "\url{https://colah.github.io/posts/2015-08-Understanding-LSTMs/}",
	year = {2015}, 
	note = "[Online; accessed 02-Feb-2019]"
}

@MISC{lstm1,
	author = {P. Srivastava},
	title = {Essentials of Deep Learning : Introduction to Long Short Term Memory},
	howpublished = "\url{https://colah.github.io/posts/2015-08-Understanding-LSTMs/}",
	year = {2017}, 
	note = "[Online; accessed 02-Feb-2019]"
}

@MISC{genetic1,
	author = {A. Kumar},
	title = {Genetic Algorithms},
	howpublished = "\url{https://www.geeksforgeeks.org/genetic-algorithms/}",
	year = {2017}, 
	note = "[Online; accessed 04-Feb-2019]"
}

@MISC{forest1234,
	author = {W. Koehrsen},
	title = {How to Visualize a Decision Tree from a Random Forest in Python using Scikit-Learn},
	howpublished = "\url{https://towardsdatascience.com/how-to-visualize-a-decision-tree-from-a-random-forest-in-python-using-scikit-learn-38ad2d75f21c/}",
	year = {2018}, 
	note = "[Online; accessed 25-Jan-2019]"
}




@comment{jabref-meta: selector_review:}

@comment{jabref-meta: selector_booktitle:}

@comment{jabref-meta: selector_author:}

@comment{jabref-meta: selector_journal:}

@comment{jabref-meta: selector_keywords:}

